<record><leader>00000cas a22000007a 4500</leader><controlfield tag="001">10674541</controlfield><controlfield tag="008">840430d18251828nyuwr ne      0    0eng d</controlfield><datafield ind1=" " ind2=" " tag="010"><subfield code="a">sn 84031181 </subfield></datafield><datafield ind1=" " ind2=" " tag="040"><subfield code="a">NYG</subfield><subfield code="b">eng</subfield><subfield code="c">NYG</subfield><subfield code="d">DLC</subfield><subfield code="d">NPX</subfield><subfield code="d">NYS</subfield><subfield code="d">OCL</subfield><subfield code="d">KRTAS</subfield><subfield code="d">OCLCQ</subfield><subfield code="d">OCLCO</subfield></datafield><datafield ind1="1" ind2=" " tag="029"><subfield code="a">AU@</subfield><subfield code="b">000025800959</subfield></datafield><datafield ind1=" " ind2=" " tag="042"><subfield code="a">msc</subfield></datafield><datafield ind1=" " ind2=" " tag="043"><subfield code="a">n-us-ny</subfield></datafield><datafield ind1="0" ind2="0" tag="050"><subfield code="a">Newspaper 8852</subfield></datafield><datafield ind1="0" ind2="4" tag="245"><subfield code="a">The Orleans advocate.</subfield></datafield><datafield ind1=" " ind2=" " tag="260"><subfield code="a">Albion, on the Canal, Orleans County, N.Y. :</subfield><subfield code="b">T.C. Strong</subfield></datafield><datafield ind1=" " ind2=" " tag="300"><subfield code="a">v. :</subfield><subfield code="b">ill. (chiefly adv.) ;</subfield><subfield code="c">51 cm.</subfield></datafield><datafield ind1=" " ind2=" " tag="310"><subfield code="a">Weekly</subfield></datafield><datafield ind1="0" ind2=" " tag="362"><subfield code="a">-v. 3, no. 22 (Feb. 20, 1828).</subfield></datafield><datafield ind1="1" ind2=" " tag="362"><subfield code="a">Began in 1825.</subfield><subfield code="z">Cf. Hamilton, M.W. Anti-Masonic newspapers, 1826-1834.</subfield></datafield><datafield ind1=" " ind2=" " tag="500"><subfield code="a">Editors: T.[imothy] C. Strong, &lt;1826&gt;-1828; J. Chamberlain, 1827.</subfield></datafield><datafield ind1=" " ind2=" " tag="500"><subfield code="a">"Democratic Anti-Masonic," &lt;1828&gt;.</subfield></datafield><datafield ind1=" " ind2=" " tag="580"><subfield code="a">Continues: Newport patriot. And, Orleans County recorder. Cf. French, J.H. Gazetteer of the state of N.Y., 1860.</subfield></datafield><datafield ind1=" " ind2=" " tag="580"><subfield code="a">Merged with: Orleans Whig, to form: Orleans advocate and Anti-Masonic telegraph. Cf. Hamilton, M.W. Anti-Masonic newspapers, 1826-1834.</subfield></datafield><datafield ind1=" " ind2=" " tag="588"><subfield code="a">Description based on: Vol. 1, no. 24 (Mar. 8, 1826).</subfield></datafield><datafield ind1=" " ind2="0" tag="651"><subfield code="a">Albion (N.Y.)</subfield><subfield code="v">Newspapers.</subfield></datafield><datafield ind1=" " ind2="0" tag="651"><subfield code="a">Orleans County (N.Y.)</subfield><subfield code="v">Newspapers.</subfield></datafield><datafield ind1=" " ind2=" " tag="752"><subfield code="a">United States</subfield><subfield code="b">New York</subfield><subfield code="c">Orleans</subfield><subfield code="d">Albion.</subfield></datafield><datafield ind1="1" ind2="0" tag="780"><subfield code="t">Newport patriot. And, Orleans County recorder</subfield><subfield code="w">(DLC)sn 85026779</subfield></datafield><datafield ind1="1" ind2="7" tag="785"><subfield code="t">Orleans Whig</subfield><subfield code="w">(DLC)sn 93063985</subfield></datafield><datafield ind1="1" ind2="7" tag="785"><subfield code="t">Orleans advocate, and Anti-Masonic telegraph</subfield><subfield code="w">(DLC)sn 84020706</subfield></datafield><datafield ind1=" " ind2=" " tag="938"><subfield code="a">Kirtas Technologies, Inc.</subfield><subfield code="b">KRTS</subfield><subfield code="n">738404</subfield></datafield></record>